<?xml version="1.0"?>
<marc:records xmlns:marc="http://www.loc.gov/MARC21/slim" xmlns:xsi="http://www.w3.org/2001/XMLSchema-instance" xsi:schemaLocation="http://www.loc.gov/MARC21/slim http://www.loc.gov/standards/marcxml/schema/MARC21slim.xsd">
  <marc:record>
    <marc:leader>05075cam a2200565Ia 4500</marc:leader>
    <marc:controlfield tag="001">9977642242003681</marc:controlfield>
    <marc:controlfield tag="005">20200206105312.0</marc:controlfield>
    <marc:controlfield tag="008">191218m16891714xx            000 0 ara d</marc:controlfield>
    <marc:datafield ind1=" " ind2=" " tag="035">
  <marc:subfield code="a">(OCoLC)1131862222</marc:subfield>
</marc:datafield>
    <marc:datafield ind1=" " ind2=" " tag="035">
  <marc:subfield code="a">(OCoLC)on1131862222</marc:subfield>
</marc:datafield>
    <marc:datafield ind1=" " ind2=" " tag="040">
  <marc:subfield code="a">PAU</marc:subfield>
  <marc:subfield code="b">eng</marc:subfield>
  <marc:subfield code="c">PAU</marc:subfield>
  <marc:subfield code="e">amremm</marc:subfield>
  <marc:subfield code="d">PAU</marc:subfield>
</marc:datafield>
    <marc:datafield ind1=" " ind2="9" tag="099">
  <marc:subfield code="a">CAJS Rar Ms 155</marc:subfield>
</marc:datafield>
    <marc:datafield ind1="1" ind2=" " tag="100">
  <marc:subfield code="6">880-01</marc:subfield>
  <marc:subfield code="a">Ardabi&#x304;li&#x304;, Muh&#x323;ammad ibn &#x2BB;Abd al-Ghani&#x304;,</marc:subfield>
  <marc:subfield code="d">1572-1627.</marc:subfield>
</marc:datafield>
    <marc:datafield ind1="1" ind2="0" tag="245">
  <marc:subfield code="6">880-02</marc:subfield>
  <marc:subfield code="a">Sharh&#x323; al-Unmu&#x304;dhaj.</marc:subfield>
</marc:datafield>
    <marc:datafield ind1=" " ind2=" " tag="260">
  <marc:subfield code="c">A.H. 1101 (1689 or 1690) , A.H. 1126 (1714)</marc:subfield>
</marc:datafield>
    <marc:datafield ind1=" " ind2=" " tag="300">
  <marc:subfield code="a">126 leaves :</marc:subfield>
  <marc:subfield code="b">paper ;</marc:subfield>
  <marc:subfield code="c">206 x 148 (160 x 80) mm bound to 219 x 155 mm.</marc:subfield>
</marc:datafield>
    <marc:datafield ind1=" " ind2=" " tag="500">
  <marc:subfield code="a">Title of first work from introduction (f. 1v); title of second work from added title (f. 118r).</marc:subfield>
</marc:datafield>
    <marc:datafield ind1=" " ind2=" " tag="500">
  <marc:subfield code="a">Foliation: Modern foliation added in pencil, upper center recto; catchwords every verso, lower left.</marc:subfield>
</marc:datafield>
    <marc:datafield ind1=" " ind2=" " tag="500">
  <marc:subfield code="a">Layout: First work written in 15 long lines; second work written in 21 long lines.</marc:subfield>
</marc:datafield>
    <marc:datafield ind1=" " ind2=" " tag="500">
  <marc:subfield code="a">Script: The first work is written in naskh and the second in nasta&#x2BB;li&#x304;q in black ink; pointed.</marc:subfield>
</marc:datafield>
    <marc:datafield ind1=" " ind2=" " tag="500">
  <marc:subfield code="a">Decoration: Rubrications in red.</marc:subfield>
</marc:datafield>
    <marc:datafield ind1=" " ind2=" " tag="500">
  <marc:subfield code="a">Binding: Modern western binding; black paper sides with black leather spine; blue paper doublure.</marc:subfield>
</marc:datafield>
    <marc:datafield ind1=" " ind2=" " tag="500">
  <marc:subfield code="a">Origin: First work completed in 1101 (f. 117v); second work completed in 1124 A.H. (f. 202r); the scribe's names has been scrubbed.</marc:subfield>
</marc:datafield>
    <marc:datafield ind1="0" ind2=" " tag="505">
  <marc:subfield code="a">1. f. 1v-117v: Sharh&#x323; al-Unmu&#x304;dhaj / Muh&#x323;ammad ibn &#x2BB;Abd al-Ghani&#x304; al-Ardabi&#x304;li&#x304; -- 2. f. 118v-202r:  Mi&#x2BC;ah ka&#x304;milah fi&#x304; sharh&#x323; mi&#x2BC;ah &#x2BB;a&#x304;milah / H&#x323;a&#x304;jji&#x304; Ba&#x304;ba&#x304; ibn Ibra&#x304;hi&#x304;m ibn &#x2BB;Abd al-Kari&#x304;m al-T&#x323;u&#x304;sawi&#x304;</marc:subfield>
</marc:datafield>
    <marc:datafield ind1=" " ind2=" " tag="520">
  <marc:subfield code="a">Two commentaries on Arabic grammar bound together but copied at two different times and in two different hands.</marc:subfield>
</marc:datafield>
    <marc:datafield ind1=" " ind2=" " tag="524">
  <marc:subfield code="a">CAJS Rar Ms 155</marc:subfield>
</marc:datafield>
    <marc:datafield ind1="1" ind2=" " tag="541">
  <marc:subfield code="a">Gift of Mayer Sulzberger to the library of the Dropsie College for Hebrew and Cognate Learning (note on library bookplate inside front cover).</marc:subfield>
</marc:datafield>
    <marc:datafield ind1=" " ind2=" " tag="546">
  <marc:subfield code="a">Arabic.</marc:subfield>
</marc:datafield>
    <marc:datafield ind1="1" ind2=" " tag="561">
  <marc:subfield code="a">Formerly owned by the Dropsie College for Hebrew and Cognate Learning (library bookplate inside front cover).</marc:subfield>
</marc:datafield>
    <marc:datafield ind1="1" ind2="0" tag="600">
  <marc:subfield code="6">880-03</marc:subfield>
  <marc:subfield code="a">Zamakhshari&#x304;, Mah&#x323;mu&#x304;d ibn &#x2BB;Umar,</marc:subfield>
  <marc:subfield code="d">1075-1144.</marc:subfield>
  <marc:subfield code="t">Unmu&#x304;dhaj fi&#x304; al-nah&#x323;w.</marc:subfield>
</marc:datafield>
    <marc:datafield ind1=" " ind2="0" tag="650">
  <marc:subfield code="a">Arabic language</marc:subfield>
  <marc:subfield code="x">Grammar</marc:subfield>
  <marc:subfield code="v">Early works to 1800.</marc:subfield>
</marc:datafield>
    <marc:datafield ind1=" " ind2="0" tag="655">
  <marc:subfield code="a">Manuscripts, Arabic.</marc:subfield>
</marc:datafield>
    <marc:datafield ind1=" " ind2="0" tag="655">
  <marc:subfield code="a">Manuscripts, 17th century.</marc:subfield>
</marc:datafield>
    <marc:datafield ind1=" " ind2="0" tag="655">
  <marc:subfield code="a">Manuscripts, 18th century.</marc:subfield>
</marc:datafield>
    <marc:datafield ind1=" " ind2="7" tag="655">
  <marc:subfield code="a">Codices (bound manuscripts)</marc:subfield>
  <marc:subfield code="2">aat</marc:subfield>
</marc:datafield>
    <marc:datafield ind1=" " ind2="7" tag="655">
  <marc:subfield code="a">Commentaries.</marc:subfield>
  <marc:subfield code="2">aat</marc:subfield>
</marc:datafield>
    <marc:datafield ind1="1" ind2="2" tag="700">
  <marc:subfield code="6">880-04</marc:subfield>
  <marc:subfield code="a">T&#x323;u&#x304;sawi&#x304;, H&#x323;ajji&#x304; Ba&#x304;ba&#x304; ibn Ibra&#x304;hi&#x304;m ibn &#x2BB;Abd al-Kari&#x304;m,</marc:subfield>
  <marc:subfield code="d">active 15th century.</marc:subfield>
  <marc:subfield code="t">Mi&#x2BC;ah ka&#x304;milah fi&#x304; sharh&#x323; mi&#x2BC;ah &#x2BB;a&#x304;milah.</marc:subfield>
</marc:datafield>
    <marc:datafield ind1="1" ind2="2" tag="700">
  <marc:subfield code="6">880-05</marc:subfield>
  <marc:subfield code="a">Zamakhshari&#x304;, Mah&#x323;mu&#x304;d ibn &#x2BB;Umar,</marc:subfield>
  <marc:subfield code="d">1075-1144.</marc:subfield>
  <marc:subfield code="t">Unmu&#x304;dhaj fi&#x304; al-nah&#x323;w.</marc:subfield>
</marc:datafield>
    <marc:datafield ind1="1" ind2=" " tag="700">
  <marc:subfield code="a">Sulzberger, Mayer,</marc:subfield>
  <marc:subfield code="d">1843-1923,</marc:subfield>
  <marc:subfield code="e">former owner.</marc:subfield>
</marc:datafield>
    <marc:datafield ind1="2" ind2=" " tag="710">
  <marc:subfield code="a">Dropsie College for Hebrew and Cognate Learning,</marc:subfield>
  <marc:subfield code="e">former owner.</marc:subfield>
</marc:datafield>
    <marc:datafield ind1=" " ind2=" " tag="852">
  <marc:subfield code="b">Library at the Herbert D. Katz Center for Advanced Judaic Studies</marc:subfield>
  <marc:subfield code="a">University of Pennsylvania</marc:subfield>
  <marc:subfield code="e">420 Walnut Street, Philadelphia, Pennsylvania 19106-3703</marc:subfield>
  <marc:subfield code="j">CAJS Rar Ms 155</marc:subfield>
</marc:datafield>
    <marc:datafield ind1="4" ind2="1" tag="856">
  <marc:subfield code="z">Digital facsimile in OPenn</marc:subfield>
  <marc:subfield code="u">http://openn.library.upenn.edu/Data/0002/html/kcajs_rar_ms_155.html</marc:subfield>
</marc:datafield>
    <marc:datafield ind1="1" ind2=" " tag="880">
  <marc:subfield code="6">100-01//r</marc:subfield>
  <marc:subfield code="a">&#x627;&#x631;&#x62F;&#x628;&#x64A;&#x644;&#x64A;&#x60C; &#x645;&#x62D;&#x645;&#x62F; &#x628;&#x646; &#x639;&#x628;&#x62F; &#x627;&#x644;&#x63A;&#x646;&#x64A;&#x60C;</marc:subfield>
  <marc:subfield code="d">1572-1627.</marc:subfield>
</marc:datafield>
    <marc:datafield ind1="1" ind2="0" tag="880">
  <marc:subfield code="6">245-02//r</marc:subfield>
  <marc:subfield code="a">&#x634;&#x631;&#x62D; &#x627;&#x644;&#x627;&#x646;&#x645;&#x648;&#x630;&#x62C;.</marc:subfield>
</marc:datafield>
    <marc:datafield ind1="1" ind2="4" tag="880">
  <marc:subfield code="6">600-03//r</marc:subfield>
  <marc:subfield code="a">&#x632;&#x645;&#x62E;&#x634;&#x631;&#x64A;&#x60C; &#x645;&#x62D;&#x645;&#x648;&#x62F; &#x628;&#x646; &#x639;&#x645;&#x631;&#x60C;</marc:subfield>
  <marc:subfield code="d">1075-1144.</marc:subfield>
  <marc:subfield code="t">&#x627;&#x646;&#x645;&#x648;&#x630;&#x62C; &#x641;&#x64A; &#x627;&#x644;&#x646;&#x62D;&#x648;.</marc:subfield>
</marc:datafield>
    <marc:datafield ind1="1" ind2="2" tag="880">
  <marc:subfield code="6">700-04//r</marc:subfield>
  <marc:subfield code="a">&#x637;&#x648;&#x633;&#x648;&#x64A;&#x60C; &#x62D;&#x627;&#x62C;&#x64A; &#x628;&#x627;&#x628;&#x627; &#x628;&#x646; &#x627;&#x628;&#x631;&#x627;&#x647;&#x64A;&#x645; &#x628;&#x646; &#x639;&#x628;&#x62F; &#x627;&#x644;&#x643;&#x631;&#x64A;&#x645;&#x60C;</marc:subfield>
  <marc:subfield code="d">active 15th century.</marc:subfield>
  <marc:subfield code="t">&#x645;&#x627;&#x626;&#x629; &#x643;&#x627;&#x645;&#x644;&#x629; &#x641;&#x64A; &#x634;&#x631;&#x62D; &#x645;&#x627;&#x626;&#x629; &#x639;&#x627;&#x645;&#x644;&#x629;.</marc:subfield>
</marc:datafield>
    <marc:datafield ind1="1" ind2="2" tag="880">
  <marc:subfield code="6">700-05//r</marc:subfield>
  <marc:subfield code="a">&#x632;&#x645;&#x62E;&#x634;&#x631;&#x64A;&#x60C; &#x645;&#x62D;&#x645;&#x648;&#x62F; &#x628;&#x646; &#x639;&#x645;&#x631;&#x60C;</marc:subfield>
  <marc:subfield code="d">1075-1144.</marc:subfield>
  <marc:subfield code="t">&#x627;&#x646;&#x645;&#x648;&#x630;&#x62C; &#x641;&#x64A; &#x627;&#x644;&#x646;&#x62D;&#x648;.</marc:subfield>
</marc:datafield>
    <marc:datafield ind1=" " ind2=" " tag="948">
  <marc:subfield code="h">HELD BY PAU - 1 OTHER HOLDINGS</marc:subfield>
</marc:datafield>
    <marc:datafield ind1=" " ind2=" " tag="994">
  <marc:subfield code="a">Z0</marc:subfield>
  <marc:subfield code="b">PAU</marc:subfield>
</marc:datafield>
    <marc:datafield ind1=" " ind2=" " tag="996">
  <marc:subfield code="a">hinge-right</marc:subfield>
</marc:datafield>
    <marc:holdings>
      <marc:holding>
        <marc:holding_id>22607626680003681</marc:holding_id>
        <marc:call_number>CAJS Rar Ms 155</marc:call_number>
        <marc:library>KatzLib</marc:library>
        <marc:location>cjsrarms</marc:location>
      </marc:holding>
    </marc:holdings>
  </marc:record>
</marc:records>
